<?xml version="1.0" encoding="UTF-8"?><collection xmlns="http://www.loc.gov/MARC21/slim"><record><leader>00438nam--2200133-i-4500</leader><controlfield tag="001">000025412</controlfield><controlfield tag="002">20161230</controlfield><controlfield tag="005">20161230201035</controlfield><controlfield tag="008">060222s1000------------r-----000-0-eng-d</controlfield><datafield ind1=" " ind2=" " tag="080"><subfield code="a">519.682.2(043)</subfield></datafield><datafield ind1=" " ind2=" " tag="100"><subfield code="a">Jorrand, Philippe</subfield></datafield><datafield ind1=" " ind2=" " tag="245"><subfield code="a">Contribution au developpment des langages extensibles. these</subfield></datafield><datafield ind1=" " ind2=" " tag="260"><subfield code="a">Grenoble, L`Universite Scientifique Et Medicale Et L`Institut National Polytechnique De Grenoble, 1976, 357p</subfield></datafield><datafield ind1=" " ind2=" " tag="852"><subfield code="a">44075</subfield></datafield></record></collection>